@book{hall1982,
  author = {Hall, George},
  title = {The Theory of Groups},
  year = {1982},
  publisher = {Macmillan},
}

@article{troudi2021generalised,
  author       = {Troudi, Molka and Ghorbel, Faouzi},
  title        = {The Generalised Plug-in Algorithm for the Diffeomorphism Kernel Estimate},
  journal      = {INTERNATIONAL JOURNAL OF MATHEMATICS AND COMPUTERS IN SIMULATION},
  year         = {2021},
  volume       = {15},
  number       = {3},
  pages        = {128-133},  
  month        = {November},
  url          = {https://www.naun.org/main/NAUN/mcs/2021/a482002-024(2021).pdf}
}
@article{aslam2005moment,
  author       = {Aslam, Muhammad and Azam, Muhammad},
  title        = {Moment-Based Estimation of Probability Density Function: A Review},
  journal      = {The Mathematica Journal},
  year         = {2005},
  volume       = {9},
  number       = {4},
  publisher    = {Wolfram Media, Inc.},
}
@article{slimen2022critere,
  author       = {Ben Slimen, Nour El Houda and Troudi, Molka and Chaouachi, Jouhaina},
  title        = {Critère probabiliste de comparaison des métaheuristiques pour les problèmes à grande échelle},
  year         = {2022},
  note         = {Laboratoire ECSTRA},
}

@article{su2021generalized,
  author       = {Su, Xiaotong and Li, Dongdong},
  title        = {A Generalized Pearson Approach for High-Dimensional Model Selection and Estimation},
  journal      = {Journal of the American Statistical Association},
  year         = {2021},
  volume       = {116},
  number       = {535},
  pages        = {1421-1434},
  doi          = {10.1080/01621459.2020.1820374},
}
@article{bates2023crossvalidation,
  author       = {Bates, Stephen and Hastie, Trevor and Tibshirani, Robert},
  title        = {Cross-Validation: What Does It Estimate and How Well Does It Do It?},
  journal      = {Journal of the American Statistical Association},
  year         = {2023},
  note         = {Received 19 Aug 2021, Accepted 27 Feb 2023, Accepted author version posted online: 03 Apr 2023, Published online: 15 May 2023},
}


@misc{chouaib2021kernel,
  author       = {Chouaib Guidoum, Arsalene},
  title        = {Kernel Estimator and Bandwidth Selection for Density and its Derivatives},
  howpublished = {CRAN},
  year         = {2014},
  url          = {https://cran.r-project.org/src/contrib/Archive/kedd/},
}
@article{chouaib2020performing,
  author       = {Chouaib Guidoum, Arsalane and Boukhetala, Kamal},
  title        = {Performing Parallel Monte Carlo and Moment Equations Methods for Itô and Stratonovich Stochastic Differential Systems: R Package Sim.DiffProc},
  journal      = {Journal of Statistical Software},
  year         = {2020},
  volume       = {96},
  number       = {2},
  month        = {November},
  doi          = {10.18637/jss.v096.i02},
}


@inproceedings{ghorbel2011,
  author = {Ghorbel, F. and Ghorbel, M. and Falleh, S.},
  title = {Vers un algorithme Estimation Maximisation Difféomorphisme Toward a Diffeomorphism Estimation Maximisation Algorithm},
  year = {2022},
}
@article{silverman1986,
  title={Rule Of Thumb },
  author = {David Silverman},
  journal = {Chapman and Hall},
  year = {1986}
}
@article{bowman1984,
  author = {Bowman, Adrian W.},
  title = {An alternative method of cross-validation for the smoothing of density estimates},
  journal = {Biometrika},
  volume = {71},
  number = {2},
  pages = {353-360},
  year = {1984},
}

@article{hall1992,
  author = {Hall, Peter and Racine, Jeffrey S.},
  title = {Nonparametric Density Estimation and Test of Hypotheses},
  journal = {Econometrica},
  volume = {60},
  number = {3},
  pages = {687-711},
  year = {1992},
}
@article{hall1987,
  author = {Hall, Peter and Marron, J. S.},
  title = {Estimation of integrated squared density derivatives using {G}aussian kernels},
  journal = {Annals of Statistics},
  volume = {15},
  number = {1},
  pages = {254-271},
  year = {1987},
}
@article{mugadi2004,
  author = {Mugadi, Sarah N. and Ahmad, Siti Anom},
  title = {Nonparametric regression estimation based on weighted contrasts},
  journal = {Statistica Sinica},
  volume = {14},
  number = {3},
  pages = {877-898},
  year = {2004},
}
@misc{apostol,
  author = {Tom M. Apostol},
  title = {Biography},
  year = {1923-2016},
  note = {Retrieved May 2, 2023, from \url{https://en.wikipedia.org/wiki/Tom_M._Apostol}}
}
@incollection{apostol1974norme,
  author = {Tom M. Apostol},
  title = {Norme de convergence simple},
  booktitle = {Mathematical Analysis},
  year = {1974},
  publisher = {Addison-Wesley},
  address = {Reading, MA},
  pages = {92-93}
}
@book{john1991partial,
  author = {John, Fritz},
  title = {Partial Differential Equations},
  publisher = {Springer},
  year = {1991},
  edition = {4th},
  address = {New York},
  isbn = {978-0387906094},
  doi = {10.1007/978-1-4612-0945-6},
}
@article{pearson1894contributions,
  title={Contributions to the Mathematical Theory of Evolution},
  author={Pearson, Karl},
  journal={Philosophical Transactions of the Royal Society of London. Series A, Containing Papers of a Mathematical or Physical Character},
  volume={185},
  pages={71--414},
  year={1894},
  publisher={The Royal Society}
}
@book{casella2002statistical,
  title={Statistical Inference},
  author={Casella, George and Berger, Roger L.},
  year={2002},
  volume={2},
  publisher={Duxbury Pacific Grove}
}

@article{rosenblatt1956remarks,
  title={Remarks on some nonparametric estimates of a density function},
  author={Rosenblatt, Murray},
  journal={The Annals of Mathematical Statistics},
  volume={27},
  number={3},
  pages={832--837},
  year={1956},
  publisher={JSTOR}
}
@article{parzen1962,
  title={On estimation of a probability density function and mode},
  author={Parzen, Emanuel},
  journal={The Annals of Mathematical Statistics},
  volume={33},
  number={3},
  pages={1065--1076},
  year={1962},
  publisher={JSTOR}
}
@book{hardle1991smoothing,
  title={Smoothing techniques with implementation in S},
  author={H{\"a}rdle, W.},
  year={1991},
  publisher={Springer}
}

@article{terrell1990variable,
  title={Variable kernel estimates of multivariate densities},
  author={Terrell, G.R.},
  journal={Journal of the American Statistical Association},
  volume={85},
  number={410},
  pages={460--471},
  year={1990},
  publisher={Taylor \& Francis}
}
@article{Scott1987,
  title={Bias reduction for kernel density estimators},
  author={Scott, David W. and Terrell, George R.},
  journal={Journal of the American Statistical Association},
  volume={82},
  number={400},
  pages={pp. 61--68},
  year={1987},
  publisher={Taylor \& Francis}
}

@article{Simon1991,
  title={Selecting the order of a kernel density estimator},
  author={Simon, Barry},
  journal={Journal of the Royal Statistical Society: Series B (Methodological)},
  volume={53},
  number={2},
  pages={383--389},
  year={1991},
  publisher={Wiley}
}
@article{park1990,
  title={Comparison of Data-Driven Bandwidth Selectors},
  author={Park, Byeong U. and Marron, J.S.},
  journal={Journal of the American Statistical Association},
  volume={85},
  number={409},
  pages={66--72},
  year={1990},
  publisher={Taylor \& Francis}
}
@article{freedman1981histogram,
  title={The histogram as a density estimator: a compromise},
  author={Freedman, David and Diaconis, Persi},
  journal={The Annals of Statistics},
  volume={9},
  number={4},
  pages={958--971},
  year={1981},
  publisher={JSTOR}
}

@misc{wiki:Freedman-Diaconis_rule,
  author = "{Wikipedia contributors}",
  title = "Freedman--Diaconis rule --- {W}ikipedia{,} The Free Encyclopedia",
  year = "2021",
  url = "https://en.wikipedia.org/w/index.php?title=Freedman--Diaconis_rule&oldid=1040743136",
  note = "[Online; accessed 1-May-2023]"
}
@article{alom2019state,
  title={A State-of-the-Art Survey on Deep Learning Theory and Architecture},
  author={Alom, Md Zahangir and Yakopcic, Chris and Hasan, M Iftekhar and Taha, Tarek M and Asari, Vijayan K},
  journal={Electronics},
  volume={8},
  number={3},
  pages={292},
  year={2019},
  publisher={Multidisciplinary Digital Publishing Institute},
  doi={10.3390/electronics8030292}
}
@article{lecun1998gradient,
  title={Gradient-Based Learning Applied to Document Recognition},
  author={LeCun, Yann and Bottou, L{\'e}on and Bengio, Yoshua and Haffner, Patrick},
  journal={Proceedings of the IEEE},
  volume={86},
  number={11},
  pages={2278--2324},
  year={1998},
  publisher={IEEE}
}

@misc{batchsize_medium,
  author = {Kevin Shen},
  title = {Effect of batch size on training dynamics},
  howpublished = {\url{https://medium.com/mini-distill/effect-of-batch-size-on-training-dynamics-21c14f7a716e}},
  year = {2019},
  note = {Accessed: May 6, 2023}
}
@misc{deepai_epoch,
  author = {DeepAI},
  title = {Epoch},
  howpublished = {\url{https://deepai.org/machine-learning-glossary-and-terms/epoch}},
  year = {n.d.},
  note = {Accessed: May 6, 2023}
}

@article{zelen_grid_search,
  author = {Zelen, Marvin},
  title = {The analysis of several 2n experiments},
  journal = {Technometrics},
  volume = {2},
  number = {4},
  pages = {469--480},
  year = {1960},
  doi = {10.1080/00401706.1960.10489836}
}
@article{mackay_bayesian_optimization,
  author = {MacKay, David J.C.},
  title = {Bayesian optimization for machine learning},
  journal = {Ph.D. thesis, California Institute of Technology},
  year = {1997},
  url = {http://www.inference.org.uk/mackay/thesis/},
  note = {Accessed: May 6, 2023}
}



@online{mnist-image-classification,
  author = {Orhan G. Yalçın},
  title = {Image Classification in 10 Minutes with MNIST Dataset},
  year = {2023},
  month = {May},
  url = {https://towardsdatascience.com/image-classification-in-10-minutes-with-mnist-dataset-54c35b77a38d},
  urldate = {2023-05-22}
}
